<?xml version="1.0" encoding="UTF-8"?><collection xmlns="http://www.loc.gov/MARC21/slim"><record><leader>00417nam--2200121-i-4500</leader><controlfield tag="001">000027450</controlfield><controlfield tag="002">20161230</controlfield><controlfield tag="005">20161230201036</controlfield><controlfield tag="008">060222s1000------------r-----000-0-eng-d</controlfield><datafield ind1=" " ind2=" " tag="100"><subfield code="a">Kormos, Marta Si Serban, Bazil</subfield></datafield><datafield ind1=" " ind2=" " tag="245"><subfield code="a">Institutii si publicatii stiintifice, tehnice si economice din 50 de tari. ghid de informare si documentare</subfield></datafield><datafield ind1=" " ind2=" " tag="260"><subfield code="a">Bucuresti, Inst.Central De Documentare Tehnica, 1970. 208p</subfield></datafield><datafield ind1=" " ind2=" " tag="852"><subfield code="a">32658</subfield></datafield></record></collection>